@article{lupski2009genomic,
  title={Genomic disorders ten years on},
  author={Lupski, James R},
  journal={Genome medicine},
  volume={1},
  pages={1--11},
  year={2009},
  publisher={Springer}
}


